@misc{OkabeIto2008
, title        = {Color Universal Design ({CUD}):
                  How to Make Figures and Presentations
                  That Are Friendly to Colorblind People}
, author       =  {Okabe, Masataka and Ito, Kei}
, year         =  {2008}
, month        =  {September}
, url          =  {https://jfly.uni-koeln.de/color/}
, lastchecked  =  {2021-03-06}
}

@article{CrameriEtAl2020
, title    =  {The Misuse of Colour in Science Communication}
, author   =  {Crameri, Fabio and Shephard, Grace E. and Heron, Philip J.}
, journal  =  {Nature Communications}
, volume   =  {11}
, number   =  {5444}
, year     =  {2020}
, pages    =  {1--10}
, doi      =  {https://doi.org/10.1038/s41467-020-19160-7}
}